%%%%%%%%%%%%%%%%%%%%%%%%%%%%%%%%%%%%%%%%%%%%%%%%%%%%%%%%%%%%%%%%%%%%%%%%%%%%%%
% references.bib
% Add references from inspirehep.net, NASA/ADS, or make your own.
% Note that NASA/ADS references often have LaTeX definitions for journals,
% e.g., \apj, that you'll need to make sure you define in the preamble.
%%%%%%%%%%%%%%%%%%%%%%%%%%%%%%%%%%%%%%%%%%%%%%%%%%%%%%%%%%%%%%%%%%%%%%%%%%%%%%

@article{Kyle:ESTES,
      author         = "K. Jero",
      title          = "{Enhanced Starting Track Event Selection for Astrophysical Neutrinos in IceCube}",
      collaboration  = "IceCube",
      journal        = "Journal of Physics: Conference Series",
      volume         = "888",
      year           = "2017",
      number         = "1",
      pages          = "012107",
      doi            = "doi :10.1088/1742-6596/888/1/012107",
}

@article{Gaisser:Veto,
      author         = " S. Schonert, T. K. Gaisser, E. Resconi, and O. Schulz",
      title          = "{Vetoing atmospheric neutrinos in a high energy neutrino telescope}",
      journal        = "PHYSICAL REVIEW",
      volume         = "D",
      year           = "2009",
      number         = "79",
      pages          = "043009",
      doi            = "doi : 10.1103/PhysRevD.79.043009",
}

@inproceedings{Mancina:ESTES,
     author  = "S. Mancina",
     title   = "A new IceCube starting track event selection and realtime event stream",
     publisher = "Presented at Neutrino Parallel TeVPA 2017 in Columbus, OH",
     year    = 2017
}

@article{Austin:HESE,
      author         = "A. Schneider",
      collaboration  = "IceCube",
      journal        = "PoS",
      volume         = "ICRC2019",
      pages          = "1004",
      year           = "these proceedings",
}

@article{icrc:numu,
      author         = "J. Stettner",
      title          = "{Measurement of the Diffuse Astrophysical Muon-Neutrino Spectrum with Ten Years of IceCube Data}",
      collaboration  = "IceCube",
      journal        = "PoS",
      volume         = "ICRC2019",
      pages          = "1017",
      year           = "these proceedings",
}

@article{ESTESv1:2019icrc_ESTESv1,
      author         = "S. Mancina et al.",
      title          = "{Neutrino source searches and a realtime neutrino alert stream in the southern sky with IceCube starting tracks}",
      collaboration  = "IceCube",
      journal        = "PoS",
      volume         = "ICRC2019",
      pages          = "954",
      year           = "2019",
}

@article{Arg_elles_2018,
	doi = {10.1088/1475-7516/2018/07/047},
	url = {https://doi.org/10.1088%2F1475-7516%2F2018%2F07%2F047},
	year = 2018,
	month = {jul},
	publisher = {{IOP} Publishing},
	volume = {2018},
	number = {07},
	pages = {047--047},
	author = {Carlos A. Arguelles and Sergio Palomares-Ruiz and Austin Schneider and Logan Wille and Tianlu Yuan},
	title = {Unified atmospheric neutrino passing fractions for large-scale neutrino telescopes},
	journal = {Journal of Cosmology and Astroparticle Physics}
}

@article{MESE:2year,
      collaboration  = "IceCube",
      author         = "Aartsen, M. G., et al. ",
      title          = "{Atmospheric and astrophysical neutrinos above 1 TeV interacting in IceCube}",
      journal        = "Physical Review",
      volume         = "D",
      year           = "2015",
      number         = "91.2",
      pages          = "022001",
      doi            = "10.1103/PhysRevD.91.022001",
}

@article{angular_res,
      author         = "IceCube Collaboration",
      title          = "{Observation of the cosmic-ray shadow of the Moon with IceCube}",
      journal        = "PHYSICAL REVIEW",
      volume         = "D",
      year           = "2014",
      number         = "89",
      pages          = "102004",
      doi            = "doi : 10.1103/PhysRevD.89.102004",
}

@article{energy_res,
      author         = "IceCube Collaboration",
      title          = "{Energy Reconstruction Methods in the IceCube Neutrino Telescope}",
      journal        = "JINST",
      volume         = "Instrumentation and Detectors",
      year           = "2014",
      number         = "9",
      pages          = "P03009",
      doi            = "doi : 	10.1088/1748-0221/9/03/P03009",
}


@inproceedings{Chen:2016:XST:2939672.2939785,
     author = {Chen, Tianqi and Guestrin, Carlos},
    title = {{XGBoost}: A Scalable Tree Boosting System},
    booktitle = {Proceedings of the 22nd ACM SIGKDD International Conference on Knowledge Discovery and Data Mining},
    series = {KDD '16},
    year = {2016},
    isbn = {978-1-4503-4232-2},
    location = {San Francisco, California, USA},
    pages = {785--794},
    numpages = {10},
    url = {http://doi.acm.org/10.1145/2939672.2939785},
    doi = {10.1145/2939672.2939785},
    acmid = {2939785},
    publisher = {ACM},
    address = {New York, NY, USA}
}

@article{Li2008AdaBoostWS,
  title={AdaBoost with SVM-based component classifiers},
  author={Xuchun Li and Lei Wang and Eric Sung},
  journal={Eng. Appl. of AI},
  year={2008},
  volume={21},
  pages={785-795}
}
@article{Atmos:Honda,
  title={Calculation of atmospheric neutrino flux using the interaction model calibrated with atmospheric muon data.},
  author={ Honda, Morihiro, et al.},
  journal={Physical Review},
  year={2007},
  volume={D},
  pages={043006}
}